<record>
  <leader>01651nem a2200325   4500</leader>
  <controlfield tag="001">991000096129702696</controlfield>
  <controlfield tag="005">20170202120800.0</controlfield>
  <controlfield tag="008">051118s1913    is        a  o  |   heb u</controlfield>
  <datafield tag="035" ind1=" " ind2=" ">
    <subfield code="a">(IL-JeALB)10213-972ai_inst</subfield>
  </datafield>
  <datafield tag="035" ind1=" " ind2=" ">
    <subfield code="a">10213</subfield>
    <subfield code="9">ExL</subfield>
  </datafield>
  <datafield tag="035" ind1=" " ind2=" ">
    <subfield code="a">map00000024</subfield>
  </datafield>
  <datafield tag="242" ind1="0" ind2="0">
    <subfield code="a">Map of Eretz-Israel (Palestine) following Kiepert's map</subfield>
  </datafield>
  <datafield tag="245" ind1="1" ind2="0">
    <subfield code="a">מפת ארץ-ישראל (פלשתינה) עפ"י מפת קפרט</subfield>
    <subfield code="h">[map]</subfield>
  </datafield>
  <datafield tag="255" ind1=" " ind2=" ">
    <subfield code="a">Scale 1:200,000</subfield>
  </datafield>
  <datafield tag="260" ind1=" " ind2=" ">
    <subfield code="a">Berlin :</subfield>
    <subfield code="b">Zionist Executive Council (Berlin),</subfield>
    <subfield code="c">1913</subfield>
  </datafield>
  <datafield tag="300" ind1=" " ind2=" ">
    <subfield code="a">1 map on 1 sheet;</subfield>
    <subfield code="c">191.5 x 129.5 cm. on sheet 195 x 132 cm.</subfield>
  </datafield>
  <datafield tag="500" ind1=" " ind2=" ">
    <subfield code="a">Linen-backed. Legend contains transliteration guide.</subfield>
  </datafield>
  <datafield tag="500" ind1=" " ind2=" ">
    <subfield code="a">Includes 2 large insets: 1. שבטי ישראל [Tribes of Israel]--2. ירושלם בימי החורבן השני [Jerusalem at the time of the second destruction] (1:6000)</subfield>
  </datafield>
  <datafield tag="506" ind1=" " ind2=" ">
    <subfield code="a">Will require conservation work before use.</subfield>
  </datafield>
  <datafield tag="546" ind1=" " ind2=" ">
    <subfield code="a">Hebrew.</subfield>
  </datafield>
  <datafield tag="651" ind1=" " ind2="0">
    <subfield code="a">Asia</subfield>
    <subfield code="z">Middle East</subfield>
    <subfield code="z">Palestine</subfield>
    <subfield code="v">Maps.</subfield>
  </datafield>
  <datafield tag="700" ind1="1" ind2=" ">
    <subfield code="a">Sapir, [A]</subfield>
    <subfield code="e">editor</subfield>
  </datafield>
  <datafield tag="700" ind1="1" ind2=" ">
    <subfield code="a">Krause, Paul</subfield>
    <subfield code="e">artist</subfield>
  </datafield>
  <datafield tag="700" ind1="1" ind2=" ">
    <subfield code="a">Kastner, Sandor</subfield>
    <subfield code="e">artist</subfield>
  </datafield>
  <datafield tag="720" ind1="1" ind2=" ">
    <subfield code="a">[A. Kroze]</subfield>
    <subfield code="e">second editor</subfield>
  </datafield>
  <datafield tag="720" ind1="1" ind2=" ">
    <subfield code="a">Dietr Reimer (E.Vohsen), Berlin</subfield>
    <subfield code="e">printer</subfield>
  </datafield>
  <datafield tag="913" ind1=" " ind2=" ">
    <subfield code="1">34</subfield>
    <subfield code="2">Publisher</subfield>
    <subfield code="3">Printer</subfield>
    <subfield code="5">Uncertain</subfield>
    <subfield code="6">Uncertain</subfield>
  </datafield>
  <datafield tag="949" ind1=" " ind2=" ">
    <subfield code="a">MAPS 23-13-1</subfield>
  </datafield>
  <datafield tag="951" ind1=" " ind2=" ">
    <subfield code="a">158</subfield>
  </datafield>
  <datafield tag="999" ind1=" " ind2=" ">
    <subfield code="a">MAP</subfield>
  </datafield>
</record>
